@article{lowe2004,
  title     = {Distinctive image features from scale-invariant keypoints},
  author    = {Lowe, David G},
  journal   = {International journal of computer vision},
  volume    = {60},
  number    = {2},
  pages     = {91--110},
  year      = {2004},
  publisher = {Springer}
}

@article{zhao2020good,
  title     = {Good feature matching: Toward accurate, robust VO/VSLAM with low latency},
  author    = {Zhao, Yipu and Vela, Patricio A},
  journal   = {IEEE Transactions on Robotics},
  volume    = {36},
  number    = {3},
  pages     = {657--675},
  year      = {2020},
  publisher = {IEEE}
}

@inproceedings{xfeat2023,
  title     = {XFeat: Accelerated Features for Lightweight Image Matching},
  author    = {Verdie, Yannick and Yu, Kwang Moo and Fua, Pascal and Lepetit, Vincent},
  booktitle = {Proceedings of the IEEE/CVF Conference on Computer Vision and Pattern Recognition},
  pages     = {15443--15453},
  year      = {2024}
}

@article{lin2015microsoft,
  title     = {Microsoft COCO: Common Objects in Context},
  author    = {Lin, Tsung-Yi and Maire, Michael and Belongie, Serge and Hays, James and Perona, Pietro and Ramanan, Deva and Doll{\'a}r, Piotr and Zitnick, C Lawrence},
  journal   = {International Journal of Computer Vision},
  volume    = {115},
  number    = {3},
  pages     = {211--252},
  year      = {2015},
  publisher = {Springer}
}

@misc{x_feat_official_github,
  author       = {Yannick Verdie and Others},
  title        = {XFeat: Official Repository for XFeat: Accelerated Features for Lightweight Image Matching},
  howpublished = {\url{https://github.com/verlab/accelerated_features}},
  year         = {2024},
  publisher    = {GitHub},
  journal      = {GitHub repository}
}
